@inproceedings{LemireCOLA2003,
   author    = {Michelle Anderson and Marcel Ball and Harold Boley and Stephen Greene and Nancy Howse and Daniel Lemire and Sean McGrath},
   title     = {RACOFI: A Rule-Applying Collaborative Filtering System},
   booktitle = {Proceedings of COLA'03},
   organization = {IEEE/WIC},
   month     = {October},
   year      = {2003},
   url = {http://www.daniel-lemire.com/fr/documents/publications/racofi_nrc.pdf},
}

@TECHREPORT{Ld:03,
  AUTHOR =       "Oren Etzioni and Steven D. Gribble and Alon Halevy and Henry Levy and Luke McDowell and William Pentney and Deepak Verma and Stani Vlasseva",
  TITLE =        {Evolving the Semantic Web with Mangrove},
  INSTITUTION =  "Department of Computer Science and Engineering, University of Washington, Seattle, WA",
  YEAR =         "2003",
  number =       "UWCSE030201",
  month =        "February",
}
	 
@INPROCEEDINGS{io:04,
  AUTHOR =       "Shin Adachi and Masahiro Hamasaki and Kosuke Numa and Ikki Ohmukai1 and Hideaki Takeda",
  TITLE =        {Metadata-Driven Personal Knowledge Publishing},
  BOOKTITLE =      "ISWC 2004, LNCS 3298",
  YEAR =         "2004",
  pages =        "591-604",
  PUBLISHER =    "Springer-Verlag, Berlin",
}

@TechReport{Boley:08:RBL,
  author = "Harold Boley and Michael Kifer",
  title = "{RIF Basic Logic Dialect}",
  month = jul,
  note =  "http://www.w3.org/TR/2008/WD-rif-bld-20080730/",
  year =  "2008",
  type =  "{W3C} Working Draft",
  institution =  "W3C",
}

@INPROCEEDINGS{MaclachlanBoley05,
  AUTHOR =       "Anna Maclachlan and Harold Boley",
  TITLE =        {Semantic Web Rules for Business Information},
  BOOKTITLE =    "Proc. International Conference on Web Technologies, Applications, and Services (WTAS 2005), Calgary, Canada",
  YEAR =         "2005",
  publisher =    "IASTED"',
}

@INPROCEEDINGS{BM:04,
  AUTHOR =       "Berka, T. and Plößnig, M.",
  TITLE =        {Designing Recommender Systems for Tourism.},
  BOOKTITLE =      "The Eleventh International Conference on Information Technology in   
  Travel \& Tourism",
  YEAR =         "2004",
  pages =        "",
  PUBLISHER =    "ENTER, Cairo, Egypt",
}

@MISC{HB:05,
  author =       "Harold Boley",
  title =        {Integrating Positional and Slotted Knowledge on the Semantic Web},
  howpublished =  {\texttt{\url{http://www.ruleml.org/posl/poslintweb-talk.pdf}}},
  year =         "2005",
  month =        "March",
}


@INBOOK{ERH:01,
  AUTHOR =       "Elliotte Rusty Harold",
  TITLE =        {The XML Bible, 2nd Edition},
  CHAPTER =      "17: XSL Transformations",
  PUBLISHER =    "John Wiley \& Sons",
  YEAR =         "2001",
}

@INBOOK{JSY:07,
  AUTHOR =       "Yongil Jeong and Jaehun Joo and Sang M. Lee",
  TITLE =        {Semantic Web Technologies and E-Business},
  CHAPTER =      "12: Applications of Semantic Web Based on the Domain-Specific Ontology for Global KM",
  PUBLISHER =    "IGP, Idea Group Publishing",
  YEAR =         "2007",
}

@INBOOK{JC:07,
  AUTHOR =       "Jorge Cardoso",
  TITLE =        {Semantic Web Services, Theory, Tools, And Applications},
  CHAPTER =      "1: The Syntactic and the Semantic Web",
  PUBLISHER =    "Information Science Reference",
  YEAR =         "2007",
}


@INBOOK{RB:00,
  AUTHOR =       "R. Burke",
  TITLE =        {Encyclopedia of Library and Information Systems, vol.69},
  CHAPTER =      "Knowledge-Based Recommender Systems",
  PUBLISHER =    "A.Kent, ed., Marcel Dekker",
  PAGE = "180-200"',
  YEAR =         "2000",
}

@INBOOK{RB:02,
  AUTHOR =       "R. Burke",
  TITLE =        {Encyclopedia of Library and Information Systems, vol.69},
  CHAPTER =      "Hybrid Recommender Systems: Survey and Experiments.",
  PUBLISHER =    "A.Kent, ed., Marcel Dekker",
  YEAR =         "2002",
}

@MISC{MA:05,
  author =       "Marcel Ball",
  title =        {OO jDREW},
  howpublished = "http://www.jdrew.org/oojdrew/",
  year =         "2005",
  month =        "September",
}

@MISC{FR:02,
        author = "Francesco Ricci",
        title = {Travel recommender systems},
        howpublished = "IEEE Intelligent Systems",
        year = "2002",
        pages = "55-57"
}

@MISC{TB:90,
        author = "Tversky, B.",
        title = {Where partonomies and taxonomies meet: Meanings and prototypes: Studies on
                  Linguistic Categorization},
        howpublished = "Routledge,London",
        year = "1990",
        pages = "334-344"
}

@MISC{MT:06,
        author = "Orit Hazzan and Mariana Teif",
        title = {Partonomy and taxonomy in object-oriented thinking: junior high school students' perceptions of object-oriented basic concepts},
        howpublished = "ACM SIGCSE Bulletin",
        year = "2006",
        pages = "55-60"
}
  	
@MISC{acm:04,
  author ="Francesco Ricci and Hannes Werthner",
  title =  {E-commerce and tourism},
  year = "2004",
  pages = "101-105",
  howpublished = "Commun. ACM Press"
}

@MISC{acm:JD1,
  author ="John Debenham",
  title =  {Integrating Knowledge Base And Database},
  year = "2007",
  pages = "28-32",
  howpublished = "ACM Press"
}

@MISC{acm:JD2,
  author ="John Debenham",
  title =  {Normalising Knowledge Objects},
  year = "2007",
  pages = "335-343",
  howpublished = "ACM Press"
}
@MISC{DTR:06,
        author = "Fesenmaier, D.R. and Mirzadeh, N. and Ricci, F. and Rumetshofer, H. and Schaumlechner, E. and Venturini, A. and Wöber, K.W. and Zins, A.H.",
        title = {DieToRecs: A case-based travel advisory system, Destination Recommendation Systems: Behavioral Foundations and Applications},
        howpublished = "CAB International, London",
        year = "2006",
        pages = "227-239"
}

@MISC{RB:02,
        author = "R. Burke",
        title = {Hybrid Recommender Systems: Survey and Experiments},
        howpublished = "Kluwer Academic Publishers  Hingham, MA, USA",
        year = "2002",
        pages = "331-370"
}


@MISC{AF:06,
        author = "Antonella Fresa",
        title = {Harmo-TEN: A cost effective solution for Information Exchange},
        howpublished = "http://www.harmo-ten.info, the 13th International conference on Communication Technologies in Tourism",
        year = "2006",
        pages = ""
}
@MISC{AG:07,
        author = "Alexander Felfernig and Gerhard Friedrich",
        title = { Recommender Systems},
        howpublished = "IEEE Computer Society",
        year = "2007",
        pages = "18-20"
}


@MISC{DB:05,
  author =       "Dan Brickley ",
  title =        {The Friend of a Friend (FOAF) project},
  howpublished = "http://www.foaf-project.org/",
  year =         "2005",
  month =        "November",
}


@MISC{JC2:05,
  author =       "Jorge Cardoso ",
  title =        {E-Tourism: Creating Dynamic Packages using Semantic Web Processes},
  howpublished = "http://www.w3.org/",
  year =         "2005",
  month =        "April",
}


@MISC{md:05,
  title =       "Mandarax",
  howpublished = {\texttt{\url{http://java-source.net/open-source/rule-engines/mandarax}}},
  year =         "2005",
  month =        "September",
}


@MISC{sr:05,
  title =       {{SweetRules}},
  howpublished = {\texttt{\url{http://sweetrules.projects.semwebcentral.org/}}},
  year =         "2005",
  month =        "September",
}

@MISC{JD:05,
  author =       "Bruce Spencer",
  title =        {{jDREW}},
  howpublished = "http://www.jdrew.org/jDREWebsite/jDREW.html",
  year =         "2005",
  month =        "October",
}

@MISC{AJ:05,
  author =       "Anja Jentzsch",
  title =        {{Tourism Standards}},
  howpublished = "XML Clearinghouse Report 12, Freie Universität Berlin",
  year =         "2005",
  month =        "",
}


@MISC{rdf:06,
  author =       "W3C Recommendation ",
  title =        {{RDF Vocabulary Description Language 1.0: RDF Schema}},
  howpublished = "http://www.w3.org/TR/rdf-schema/",
  year =         "2004",
  month =        "February",
}

@MISC{MM:02,
  author =       "Michele Missikoff",
  title =        {{Harmonise: An Ontology-Based Approach for Semantic Interoperability}},
  howpublished = "http://www.harmonise.org",
  year =         "2002",
  month =        "July",
}

@MISC{ly:05,
  author =       "Harold Boley and Virendrakumar C. Bhavsar and Marcel Ball and Lu Yang",
  title =        {{Weighted Partonomy-Taxonomy Trees with Local Similarity Measures for Semantic Buyer-Seller Match-Making}},
  howpublished = "Business Agents and the Semantic Web (BASeWEB) Workshop",
  year =         "2005",
}

@MISC{yd:02,
  author =       "Ying Ding and Dieter Fensel and Michel Klein and Borys Omelayenko",
  title =        {{The semantic web: yet another hip?}},
  howpublished = "Elsevier Science",
  year =         "2002",
}


@INPROCEEDINGS{oojdrew:05,
        AUTHOR          = {Marcel Ball and Harold Boley and David Hirtle and Jing Mei and Bruce Spencer},
        TITLE           = {{The OO jDREW Reference Implementation of RuleML}},
        BOOKTITLE       = {Proc. Rules and Rule Markup Languages for the Semantic Web (RuleML-2005)},
        PUBLISHER       = {LNCS 3791, Springer-Verlag},
        MONTH           = "November",
        YEAR            = {2005},
        pages           = {218-223},
}

@INPROCEEDINGS{JieL:06,
 AUTHOR 		= {Harold Boley and Virendrakumar C. Bhavsar and Jie Li and Jing Mei},
 TITLE 			= {{Expert Finding in eCollaboration Using FOAF with
RuleML Rules}},
 BOOKTITLE 		= {Montreal Conference of eTechnologies 2006},
 pages 			=  {53-65},
 YEAR 			= {2006},
}


@INPROCEEDINGS{AS:02,
        AUTHOR          = {Alexander Maedche and Steffen Staab},
        TITLE           = {{Applying Semantic Web Technologies for Tourism Information Systems}},
        BOOKTITLE       = {Proceedings of the International Conference on Information and Communication Technologies in Tourism},
        PUBLISHER       = {Research Center for Information Technologies at the University of Karlsruhe, Research Group Knowledge Management( WIM )},
        MONTH           = "January",
        YEAR            = {2002},
        pages           = {218-223},
}

@INPROCEEDINGS{deri:04,
        AUTHOR          = {Daniel Bachlechner and Katharina Siorpaes},
        TITLE           = {{Applying Semantic Web Technologies in the Tourism Industry}},
        PUBLISHER       = {DERI Innsbruck, University of Innsbruck, Austria},
        YEAR            = {2004},
        SOURCE          = {www.deri.at},
}



@INPROCEEDINGS{Boley01b,
        AUTHOR          = {Harold Boley},
        TITLE           = {{The Rule Markup Language: RDF-XML Data
Model, XML Schema Hierarchy, and XSL Transformations}},
        BOOKTITLE       = {Proc. 14th International Conference on
Applications of Prolog (INAP2001)},
        PUBLISHER       = {The University of Tokyo, LNAI 2543,
Springer-Verlag},
        MONTH           = oct,
        YEAR            = {2002}
}

@INPROCEEDINGS{US:06,
  AUTHOR =       {R. Scott Cost and Tim Finin and Anupam Joshi and James Mayfield and Urvi Shah},
  TITLE =        {{Information Retrieval On The Semantic Web}},
  BOOKTITLE =    {Proceedings of the eleventh international conference on Information and knowledge management},
  YEAR =         {2002},
  pages =        {461-468},
  publisher =    {ACM Press},
}

@INPROCEEDINGS{TF:06,
  AUTHOR =       {R. Scott Cost and Clay Fink and Tim Finin and Anupam Joshi and James Mayfield},
  howpublished = {http://ebiquity.umbc.edu/paper/html/id/185/},
  TITLE =        {{Information Retrieval and the Semantic Web}},
  BOOKTITLE =    {Proceedings of the 38th International Conference on System Sciences},
  YEAR =         {2005},
}

@MISC{ls:06,
  author =       {Fotouhi, Farshad and Dong, Ming and Lu, Shiyong},
  title =        {{The Semantic Web: opportunities and challenges for next-generation Web applications}},
  howpublished = {Information Research 7(4)},
  year =         {2002},
  source =       {http://informationr.net/ir/7-4/paper134.html},
}

@MISC{NISO:04,
  author =       {National Information Standards Organization},
  title =        {Understanding Metadata},
  howpublished = {NISO Press},
  year =         {2004},
}

@MISC{HB:05,
  author =       {Harold Boley and Mike Dean and Benjamin Grosof and Michael
Kifer and Said Tabet and Gerd Wagner},
  title =        {{RuleML Position Statement}}
  howpublished = {W3C Workshop on Rule Languages for Interoperability Position Paper},
  year =         {2005},
  month =        {April},
}
@MISC{MK:95,
  author =       {Michael Kifer and George Lausen and James Wu},
  title =        {{Logic Foundations of Object Oriented and Frame Based Languages}},
  howpublished = {Journal of the Association for Computing Machinary},
  year =         {1995},
}


@MISC{SBP:06,
  author =       {Sean B. Palmer},
  title =        {{The Semantic Web: An Introduction}},
  howpublished = {\texttt{\url{http://infomesh.net/2001/swintro/}}},
  year =         {2001},
}


@MISC{Tech:06,
  title =        {Technology Reports: Rule Markup Language (RuleML)},
  howpublished = {\texttt{\url{http://xml.coverpages.org/ruleML.html}}},
  year =         {2002},
}


@MISC{HB:01,
  author =       {Harold Boley},
  title =        {{RuleML for the Semantic Web}},
  howpublished = {http://www.dfki.uni-kl.de/\~boley/\-RuleML-RDF-OntoWeb/\-sld001.htm},
  year =         {2001},
  month =        {June},
}


@MISC{DB:03,
  author =       {Dan Brickley},
  title =        {{RDFWeb and Friend of a Friend (FOAF)-- Getting started with FOAF}},
  howpublished = {\texttt{\url{http://rdfweb.org/mt/foaflog/archives/000051.html}}},
  year =         {2003},
}

@MISC{LD:04,
  author =       {Leigh Dodds},
  title =        {{An Introduction to FOAF}},
  howpublished = {http://www.xml.com/\-pub/\-a/2004/\-02/04/\-foaf.html},
  year =         {2004},
}


@MISC{YB1:08,
  author ="Yevgen Biletskiy and J Anthony Brown and Girish R Ranganathan",
  title =  {Information Extraction from Syllabi for e-Advising, Expert Systems with
Applications},
  year = "2008",
  howpublished = "Elsevier (in press)"
}



@MISC{YB2:08,
  author ="Yevgen Biletskiy and Harold Boley and Girish R Ranganathan",
  title =  {RuleML-based Learning Object Interoperability on the Semantic Web},
  year = "2008",
  pages = "39-58",
  howpublished = "Interactive Technologies and SMART Education, Emerald, volume 5 issue 1"
}

@inproceedings{ gruber93towards,
    author = "T. R. Gruber",
    title = "{Towards Principles for the Design of Ontologies Used for Knowledge Sharing}",
    booktitle = "{Formal Ontology in Conceptual Analysis and Knowledge Representation}",
    publisher = "Kluwer Academic Publishers",
    address = "Deventer, The Netherlands",
    editor = "N. Guarino and R. Poli",
    year = "1993",
    url = "citeseer.ist.psu.edu/gruber93toward.html" }

@inproceedings{DBLP:conf/w3c/TabetWSVJMPFD05,
  author    = {Said Tabet and
               Gerd Wagner and
               Silvie Spreeuwenberg and
               Paul D. Vincent and
               Gonzaques Jacques and
               Christian de Sainte Marie and
               Jon Pellant and
               Jim Frank and
               Jacques Durand},
  title     = {OMG Production Rule Representation - Context and Current
               Status},
  booktitle = {Rule Languages for Interoperability},
  year      = {2005},
  ee        = {http://www.w3.org/2004/12/rules-ws/paper/53},
  crossref  = {DBLP:conf/w3c/2005r},
  bibsource = {DBLP, http://dblp.uni-trier.de}
}

@MISC{MZ:05,
  author =       {Martin Zeppezauer},
  title =        {{Sustainable Tourism Development Strategy}},
  howpublished = {Department of Tourism, Bhutan Media Services},
  year =         {2005},
  month =        {Oct},
}

@MISC{TB:2000,
  author =       {Tim Berners-Lee},
  title =        {{Semantic Web - XML2000}},
  howpublished = {http://\-www.w3.org/\-2000/Talks/\-1206-xml2k-tbl}
  year =         {2000},
}


@MASTERSTHESIS{jl:06,
  AUTHOR =       {Jie Li},
  TITLE =        {Rule-Based Social Networking for Expert Finding},
  SCHOOL =       {University of New Brunswick},
  YEAR =         {2006},
  type =         {Master Thesis},
  month =        {September},
}

@article{DBLP:08,
  author    = {Juan D. Arias and
               Eva Armengol and
               Daniel Borrajo and
               Luis A. Castillo and
               Susana Fern{\'a}ndez and
               Jes{\'u}s Gonz{\'a}lez-Boticario and
               Eva Onaindia and
               Antonio Rodr\'{\i}guez and
               Laura Sebastia},
  title     = {samap: An user-oriented adaptive system for planning tourist
               visits},
  journal   = {Expert Syst. Appl.},
  volume    = {34},
  number    = {2},
  year      = {2008},
  pages     = {1318-1332},
  ee        = {\texttt{\url{http://dx.doi.org/10.1016/j.eswa.2006.12.029}}},
  bibsource = {DBLP, http://dblp.uni-trier.de}
}

@INBOOK{BS:01,
  AUTHOR =       "Tisdell, C",
  TITLE =        {{Tourism Economics, the Environment and Development}},
  YEAR =         "2001",
  PUBLISHER =    "EDWARD ELGAR, INC",
}

@INBOOK{JJ:03,
  AUTHOR =       "Jafar Jafari",
  TITLE =        {{Encyclopedia of Tourism}},
  YEAR =         "2003",
  PUBLISHER =    "Routledge Taylor \& Francis Group",
}  
 
@INBOOK{CM:04,
  AUTHOR =       "William F. Clocksin and Christopher S. Mellish",
  TITLE =        {{Programming in PROLOG}},
  YEAR =         "2004",
  PUBLISHER =    "Springer Verlag, New York Inc.",
  }
  
